<record><leader>00000cas a2200000 a 4500</leader><controlfield tag="001">32260595</controlfield><controlfield tag="007">hd bfu---baat</controlfield><controlfield tag="007">hd afu---bact</controlfield><controlfield tag="008">950405d18921924nbuwr nea     0    0eng d</controlfield><datafield ind1=" " ind2=" " tag="010"><subfield code="a">sn 95069468 </subfield></datafield><datafield ind1=" " ind2=" " tag="040"><subfield code="a">NVG</subfield><subfield code="b">eng</subfield><subfield code="c">NVG</subfield><subfield code="d">OCL</subfield><subfield code="d">OCLCQ</subfield><subfield code="d">OCLCF</subfield><subfield code="d">OCLCO</subfield></datafield><datafield ind1="1" ind2=" " tag="029"><subfield code="a">AU@</subfield><subfield code="b">000022177962</subfield></datafield><datafield ind1=" " ind2=" " tag="042"><subfield code="a">msc</subfield></datafield><datafield ind1=" " ind2=" " tag="043"><subfield code="a">n-us-nb</subfield></datafield><datafield ind1="0" ind2="4" tag="245"><subfield code="a">The Greeley citizen</subfield><subfield code="h">[microform].</subfield></datafield><datafield ind1=" " ind2=" " tag="260"><subfield code="a">Greeley, Greeley County, Neb. :</subfield><subfield code="b">James B. Barry,</subfield><subfield code="c">-1924.</subfield></datafield><datafield ind1=" " ind2=" " tag="300"><subfield code="a">v.</subfield></datafield><datafield ind1=" " ind2=" " tag="310"><subfield code="a">Weekly,</subfield><subfield code="b">Apr. &lt;5&gt;, 1923-Dec. 11, 1924</subfield></datafield><datafield ind1=" " ind2=" " tag="321"><subfield code="a">Weekly,</subfield><subfield code="b">Sept. 1892-Aug. 15, 1918</subfield></datafield><datafield ind1=" " ind2=" " tag="321"><subfield code="a">Semiweekly,</subfield><subfield code="b">Aug. 19, 1918-&lt;Mar. 29&gt;, 1923</subfield></datafield><datafield ind1="1" ind2=" " tag="362"><subfield code="a">Began in Sept. 1892.</subfield></datafield><datafield ind1="0" ind2=" " tag="362"><subfield code="a">-v. 33, no. 19 (Dec. 11, 1924).</subfield></datafield><datafield ind1=" " ind2=" " tag="580"><subfield code="a">Monday ed.: Citizen (Greeley, Neb.), 1918.</subfield></datafield><datafield ind1=" " ind2=" " tag="580"><subfield code="a">Merged with: Leader-independent, to form: Greeley citizen and the leader-independent.</subfield></datafield><datafield ind1=" " ind2=" " tag="588"><subfield code="a">Description based on: Vol. 4, no. 3 (Oct. 4, 1895).</subfield></datafield><datafield ind1=" " ind2=" " tag="533"><subfield code="a">Microfilm.</subfield><subfield code="m">1895-1924:[Gaps]</subfield><subfield code="b">Lincoln, Neb. :</subfield><subfield code="c">Nebraska State Historical Society.</subfield><subfield code="e">9 microfilm reels ; 35 mm.</subfield></datafield><datafield ind1=" " ind2="0" tag="651"><subfield code="a">Greeley (Neb.)</subfield><subfield code="v">Newspapers.</subfield></datafield><datafield ind1=" " ind2="7" tag="655"><subfield code="a">Newspapers.</subfield><subfield code="2">fast</subfield><subfield code="0">(OCoLC)fst01423814</subfield></datafield><datafield ind1=" " ind2="7" tag="651"><subfield code="a">Nebraska</subfield><subfield code="z">Greeley.</subfield><subfield code="2">fast</subfield><subfield code="0">(OCoLC)fst01276256</subfield></datafield><datafield ind1=" " ind2=" " tag="752"><subfield code="a">United States</subfield><subfield code="b">Nebraska</subfield><subfield code="c">Greeley</subfield><subfield code="d">Greeley.</subfield></datafield><datafield ind1="1" ind2=" " tag="775"><subfield code="t">Citizen (Greeley, Neb.)</subfield><subfield code="w">(DLC)sn 95069469</subfield></datafield><datafield ind1="1" ind2=" " tag="776"><subfield code="c">Original</subfield><subfield code="w">(DLC)sn 84020076</subfield></datafield><datafield ind1="1" ind2="7" tag="785"><subfield code="t">Leader-independent</subfield><subfield code="w">(DLC)sn 95069466</subfield></datafield><datafield ind1="1" ind2="7" tag="785"><subfield code="t">Greeley citizen and the leader-independent</subfield><subfield code="w">(DLC)sn 95069470</subfield></datafield></record>